
@misc{fivethirtyeight2024,
  author       = {FiveThirtyEight},
  title        = {Dataset: US Presidential General Election Polls},
  year         = {2024},
  url          = {https://projects.fivethirtyeight.com/polls/data/president_polls.csv},
  note         = {Accessed: 21 October 2024}
}


@Manual{citeR,
    title = {{R: A Language and Environment for Statistical Computing}},
    author = {{R Core Team}},
    organization = {R Foundation for Statistical Computing},
    address = {Vienna, Austria},
    year = {2023},
    url = {https://www.R-project.org/},
  }
  
  
@Article{thereferencecanbewhatever,
    title = {Welcome to the {tidyverse}},
    author = {Hadley Wickham and Mara Averick and Jennifer Bryan and Winston Chang and Lucy D'Agostino McGowan and Romain François and Garrett Grolemund and Alex Hayes and Lionel Henry and Jim Hester and Max Kuhn and Thomas Lin Pedersen and Evan Miller and Stephan Milton Bache and Kirill Müller and Jeroen Ooms and David Robinson and Dana Paige Seidel and Vitalie Spinu and Kohske Takahashi and Davis Vaughan and Claus Wilke and Kara Woo and Hiroaki Yutani},
    year = {2019},
    journal = {Journal of Open Source Software},
    volume = {4},
    number = {43},
    pages = {1686},
    doi = {10.21105/joss.01686},
  }  
  
  
@Manual{citeLahman,
    title = {{Lahman: Sean `Lahman' Baseball Database}},
    author = {Michael Friendly and Chris Dalzell and Martin Monkman and Dennis Murphy},
    year = {2020},
    note = {R package version 8.0-0},
    url = {https://CRAN.R-project.org/package=Lahman},
  }  
  
  
@article{gebru2021datasheets,
  title={Datasheets for datasets},
  author={Gebru, Timnit and Morgenstern, Jamie and Vecchione, Briana and Vaughan, Jennifer Wortman and Wallach, Hanna and Iii, Hal Daum{\'e} and Crawford, Kate},
  journal={Communications of the ACM},
  volume={64},
  number={12},
  pages={86--92},
  year={2021},
  publisher={ACM New York, NY, USA}
}

@Misc{rstanarm,
    title = {{rstanarm: {Bayesian} applied regression modeling via {Stan}}},
    author = {Ben Goodrich and Jonah Gabry and Imad Ali and Sam Brilleman},
    note = {R package version 2.21.3},
    year = {2022},
    url = {https://mc-stan.org/rstanarm/},
  }
  
@Manual{gg2,
  title = {ggplot2: Elegant Graphics for Data Analysis},
  author = {Hadley Wickham},
  year = {2016},
  note = {Springer-Verlag New York},
  url = {https://ggplot2.tidyverse.org},
}

@Manual{ggmap,
  title = {ggmap: Spatial Visualization in R},
  author = {Dale S. McGlinn and Hadley Wickham},
  year = {2023},
  note = {R package version 3.0.0},
  url = {https://cran.r-project.org/web/packages/ggmap/index.html},
}

@Manual{knitr,
  title = {knitr: A General-Purpose Package for Dynamic Report Generation in R},
  author = {Yihui Xie},
  year = {2023},
  note = {R package version 1.45},
  url = {https://yihui.org/knitr/},
}

@Manual{kable,
  title = {kableExtra: Construct Complex Table with 'kable' and Pipe Syntax},
  author = {Hao Zhu},
  year = {2021},
  note = {R package version 1.3.4},
  url = {https://CRAN.R-project.org/package=kableExtra},
}

@Manual{opendatatoronto,
  title = {About Daily Shelter and Overnight Service Occupancy & Capacity},
  author = {Toronto Shelter and Support Services},
  year = {2021},
  note = {R package version 0.1.0},
  url = {https://open.toronto.ca/dataset/daily-shelter-overnight-service-occupancy-capacity/},
}

@Manual{tibble,
  title = {tibble: Simple Data Frames},
  author = {Kirill Müller and Hadley Wickham},
  year = {2022},
  note = {R package version 3.1.8},
  url = {https://CRAN.R-project.org/package=tibble},
}

@Manual{here,
  title = {here: A Simpler Way to Find Your Files},
  author = {Kirill Müller},
  year = {2020},
  note = {R package version x.x.x},
  url = {https://CRAN.R-project.org/package=here},
}

@Manual{testthat,
  title = {testthat: Unit Testing for R},
  author = {Hadley Wickham and RStudio},
  year = {2020},
  note = {R package version x.x.x},
  url = {https://CRAN.R-project.org/package=testthat},
}

@Manual{stringr,
  title = {stringr: Simple, Consistent Wrappers for Common String Operations},
  author = {Hadley Wickham},
  year = {2020},
  note = {R package version 1.4.0},
  url = {https://CRAN.R-project.org/package=stringr},
}

@Manual{lubridate,
  title = {lubridate: Make Dealing with Dates a Little Easier},
  author = {Garrett Grolemund and Hadley Wickham},
  year = {2020},
  note = {R package version 1.7.9},
  url = {https://CRAN.R-project.org/package=lubridate},
}

@Manual{janitor,
  title = {janitor: Simple Tools for Examining and Cleaning Dirty Data},
  author = {Sam Firke},
  year = {2023},
  note = {R package version 2.2.0},
  url = {https://CRAN.R-project.org/package=janitor},
}
  
@article{tidy,
  title = {Welcome to the {tidyverse}},
  author = {Hadley Wickham and Mara Averick and Jennifer Bryan and Winston Chang and Lucy D'Agostino McGowan and Romain François and Garrett Grolemund and Alex Hayes and Lionel Henry and Jim Hester and Max Kuhn and Thomas Lin Pedersen and Evan Miller and Stephan Milton Bache and Kirill Müller and Jeroen Ooms and David Robinson and Dana Paige Seidel and Vitalie Spinu and Kohske Takahashi and Davis Vaughan and Claus Wilke and Kara Woo and Hiroaki Yutani},
  year = {2019},
  journal = {Journal of Open Source Software},
  volume = {4},
  number = {43},
  pages = {1686},
  doi = {10.21105/joss.01686},
}
  
  
@book{tellingstories,
    title = {Telling Stories with Data},
    author = {Rohan Alexander},
    year = {2023},
    publisher = {Chapman; Hall/CRC},
    url = {https://tellingstorieswithdata.com/}
  }  
  
  

@Manual{shelter,
    title = {Deaths of Shelter Residents},
    author = {{Toronto Shelter & Support Services}},
    year = {2024},
    note = {As accessed 2024-10-02.},
    url = {https://open.toronto.ca/dataset/deaths-of-shelter-residents/},
  }  